% This file was created with JabRef 2.7.2.
% Encoding: MacRoman


@article{condorcets,
  title={Epistemic democracy: generalizing the Condorcet jury theorem},
  author={List, Christian and Goodin, Robert E},
  journal={Journal of Political Philosophy},
  volume={9},
  number={3},
  pages={277--306},
  year={2001},
  publisher={Wiley Online Library}
}

@article{bci_jonathan,
  title={Brain--computer interfaces for communication and control},
  author={Wolpaw, Jonathan R and Birbaumer, Niels and McFarland, Dennis J and Pfurtscheller, Gert and Vaughan, Theresa M},
  journal={Clinical neurophysiology},
  volume={113},
  number={6},
  pages={767--791},
  year={2002},
  publisher={Elsevier}
}

@article{bci_vidal,
  title={Toward direct brain-computer communication},
  author={Vidal, Jacques J},
  journal={Annual review of Biophysics and Bioengineering},
  volume={2},
  number={1},
  pages={157--180},
  year={1973},
  publisher={Annual Reviews 4139 El Camino Way, PO Box 10139, Palo Alto, CA 94303-0139, USA}
}

@article{bci_shivangi,
  title={Brain Computer Interface},
  author={Miglani, Shivangi and Gupta, Surbhi}
}

@misc{emotiv,
  title={Emotiv EPOC specifications},
  howpublished={\url{https://www.emotiv.com/epoc/}}
}

@article{classification_basics,
  title={Introduction to Data Mining. Person Education},
  author={Tan, Pang-Ning and Steinbach, Micahel and Kumar, Vipin},
  journal={Inc., New Delhi},
  year={2006}
}

@article{ml_types,
  title={CSC261 Artificial Intelligence},
  author={Russell, Stuart and others},
  year={2009}
}

@article{masso,
  title={Kogemuslik masin{\~o}ppealgoritmide v{\~o}rdlus EEG andmete p{\~o}hjal},
  author={Masso, Madis},
  year={2016}
}

@article{breiman_rf,
  title={Random forests},
  author={Breiman, Leo},
  journal={Machine learning},
  volume={45},
  number={1},
  pages={5--32},
  year={2001},
  publisher={Springer}
}

@article{collaborative_wang,
  title={A collaborative brain-computer interface for improving human performance},
  author={Wang, Yijun and Jung, Tzyy-Ping},
  journal={PloS one},
  volume={6},
  number={5},
  pages={e20422},
  year={2011},
  publisher={Public Library of Science}
}

@misc{emokit,
  title={Emokit SDK},
  howpublished={\url{https://github.com/openyou/emokit}}
}

@misc{scipy,
  title={SciPy open-source software for mathematics, science, and engineering SDK},
  howpublished={\url{https://www.scipy.org}}
}

@misc{numpy,
  title={Numpy fundamental package for scientific computing},
  howpublished={\url{http://www.numpy.org}}
}

@misc{psychopy,
  title={PsychoPy open-source application allowing you run a wide range of neuroscience, psychology and psychophysics experiments},
  howpublished={\url{http://www.psychopy.org}}
}

@misc{csv,
  title={Common Format and MIME Type for Comma-Separated Values (CSV) Files},
  howpublished={\url{https://tools.ietf.org/html/rfc4180}}
}

@inproceedings{hyper-heur,
  title={Hyper-heuristic decision tree induction},
  author={Vella, Alan and Corne, David and Murphy, Chris},
  booktitle={Nature \& Biologically Inspired Computing, 2009. NaBIC 2009. World Congress on},
  pages={409--414},
  year={2009},
  organization={IEEE}
}

@article{alfahoum_fft,
  title={Methods of EEG signal features extraction using linear analysis in frequency and time-frequency domains},
  author={Al-Fahoum, Amjed S and Al-Fraihat, Ausilah A},
  journal={ISRN neuroscience},
  volume={2014},
  year={2014},
  publisher={Hindawi Publishing Corporation}
}

@article{emotiv_eeg_pic,
  title={EEG eye state identification using incremental attribute learning with time-series classification},
  author={Wang, Ting and Guan, Sheng-Uei and Man, Ka Lok and Ting, TO},
  journal={Mathematical Problems in Engineering},
  volume={2014},
  year={2014},
  publisher={Hindawi Publishing Corporation}
}

@misc{fft,
  title={Wikimedia Commons},
  howpublished={\url{https://commons.wikimedia.org/wiki/File:Fourier_transform_time_and_frequency_domains.gif}}
}